<record><leader>00000cas a22000007a 4500</leader><controlfield tag="001">17002827</controlfield><controlfield tag="008">871119d19101910msudn ne      0    0eng d</controlfield><datafield ind1=" " ind2=" " tag="010"><subfield code="a">sn 88067019 </subfield></datafield><datafield ind1=" " ind2=" " tag="040"><subfield code="a">MFM</subfield><subfield code="b">eng</subfield><subfield code="c">MFM</subfield><subfield code="d">MSJ</subfield><subfield code="d">NVF</subfield><subfield code="d">OCL</subfield><subfield code="d">OCLCQ</subfield></datafield><datafield ind1=" " ind2=" " tag="042"><subfield code="a">msc</subfield></datafield><datafield ind1="0" ind2="4" tag="245"><subfield code="a">The Gulfport daily herald.</subfield></datafield><datafield ind1=" " ind2=" " tag="260"><subfield code="a">Gulfport, Miss. :</subfield><subfield code="b">G.W. Wilkes &amp; Sons,</subfield><subfield code="c">-1910.</subfield></datafield><datafield ind1=" " ind2=" " tag="310"><subfield code="a">Daily (except Sunday)</subfield></datafield><datafield ind1="1" ind2=" " tag="362"><subfield code="a">Began in 1910.</subfield></datafield><datafield ind1="0" ind2=" " tag="362"><subfield code="a">-v. 1, no. 216 (Jun. 13, 1910).</subfield></datafield><datafield ind1=" " ind2=" " tag="588"><subfield code="a">Description based on: Vol. 1, no. 154 (Apr. 1, 1910).</subfield></datafield><datafield ind1=" " ind2=" " tag="752"><subfield code="a">United States</subfield><subfield code="b">Mississippi</subfield><subfield code="c">Harrison</subfield><subfield code="d">Gulfport.</subfield></datafield><datafield ind1="0" ind2="7" tag="785"><subfield code="t">Biloxi daily herald</subfield><subfield code="w">(DLC)sn 86074038</subfield><subfield code="w">(OCoLC)14517240</subfield></datafield><datafield ind1="0" ind2="7" tag="785"><subfield code="t">Daily herald (Biloxi, Miss.)</subfield><subfield code="w">(DLC)sn 84020111</subfield><subfield code="w">(OCoLC)10362366</subfield></datafield></record>